@article{knuth84,
  author = {Knuth, Donald E.},
  title = {Literate Programming},
  year = {1984},
  issue_date = {May 1984},
  publisher = {Oxford University Press, Inc.},
  address = {USA},
  volume = {27},
  number = {2},
  issn = {0010-4620},
  url = {https://doi.org/10.1093/comjnl/27.2.97},
  doi = {10.1093/comjnl/27.2.97},
  journal = {Comput. J.},
  month = may,
  pages = {97–111},
  numpages = {15}
}

@article{coons1941immunological,
  title={Immunological properties of an antibody containing a fluorescent group.},
  author={Coons, Albert H and Creech, Hugh J and Jones, R Norman},
  journal={Proceedings of the society for experimental biology and medicine},
  volume={47},
  number={2},
  pages={200--202},
  year={1941},
  publisher={SAGE Publications Sage UK: London, England}
}

@article{ramos2005technical,
  title={Technical aspects of immunohistochemistry},
  author={Ramos-Vara, Jose A},
  journal={Veterinary pathology},
  volume={42},
  number={4},
  pages={405--426},
  year={2005},
  publisher={SAGE Publications Sage CA: Los Angeles, CA}
}

@incollection{hussaini2022immunohistochemistry,
  title={Immunohistochemistry and immunofluorescence},
  author={Hussaini, Haizal Mohd and Seo, Benedict and Rich, Alison M},
  booktitle={Oral Biology: Molecular Techniques and Applications},
  pages={439--450},
  year={2022},
  publisher={Springer}
}

@article{sheng2023multiplex,
  title={Multiplex immunofluorescence: a powerful tool in cancer immunotherapy},
  author={Sheng, Wenjie and Zhang, Chaoyu and Mohiuddin, TM and Al-Rawe, Marwah and Zeppernick, Felix and Falcone, Franco H and Meinhold-Heerlein, Ivo and Hussain, Ahmad Fawzi},
  journal={International Journal of Molecular Sciences},
  volume={24},
  number={4},
  pages={3086},
  year={2023},
  publisher={MDPI}
}

@article{eng2022framework,
  title={A framework for multiplex imaging optimization and reproducible analysis},
  author={Eng, Jennifer and Bucher, Elmar and Hu, Zhi and Zheng, Ting and Gibbs, Summer L and Chin, Koei and Gray, Joe W},
  journal={Communications Biology},
  volume={5},
  number={1},
  pages={438},
  year={2022},
  publisher={Nature Publishing Group UK London}
}

@article{duraiyan2012applications,
  title={Applications of immunohistochemistry},
  author={Duraiyan, Jeyapradha and Govindarajan, Rajeshwar and Kaliyappan, Karunakaran and Palanisamy, Murugesan},
  journal={Journal of pharmacy \& bioallied sciences},
  volume={4},
  number={Suppl 2},
  pages={S307},
  year={2012},
  publisher={Wolters Kluwer--Medknow Publications}
}

@incollection{wrobel2023statistical,
  title={Statistical Analysis of Multiplex Immunofluorescence and Immunohistochemistry Imaging Data},
  author={Wrobel, Julia and Harris, Coleman and Vandekar, Simon},
  booktitle={Statistical Genomics},
  pages={141--168},
  year={2023},
  publisher={Springer}
}

@article{schurch2020coordinated,
  title={Coordinated cellular neighborhoods orchestrate antitumoral immunity at the colorectal cancer invasive front},
  author={Sch{\"u}rch, Christian M and Bhate, Salil S and Barlow, Graham L and Phillips, Darci J and Noti, Luca and Zlobec, Inti and Chu, Pauline and Black, Sarah and Demeter, Janos and McIlwain, David R and others},
  journal={Cell},
  volume={182},
  number={5},
  pages={1341--1359},
  year={2020},
  publisher={Elsevier}
}

@article{chen2021differential,
  title={Differential pre-malignant programs and microenvironment chart distinct paths to malignancy in human colorectal polyps},
  author={Chen, Bob and Cherie’R, Scurrah and McKinley, Eliot T and Simmons, Alan J and Ramirez-Solano, Marisol A and Zhu, Xiangzhu and Markham, Nicholas O and Heiser, Cody N and Vega, Paige N and Rolong, Andrea and others},
  journal={Cell},
  volume={184},
  number={26},
  pages={6262--6280},
  year={2021},
  publisher={Elsevier}
}

@article{steinhart2021spatial,
  title={The spatial context of tumor-infiltrating immune cells associates with improved ovarian cancer survival},
  author={Steinhart, Benjamin and Jordan, Kimberly R and Bapat, Jaidev and Post, Miriam D and Brubaker, Lindsay W and Bitler, Benjamin G and Wrobel, Julia},
  journal={Molecular Cancer Research},
  volume={19},
  number={12},
  pages={1973--1979},
  year={2021},
  publisher={AACR}
}

@article{mckinley2022miriam,
  title={MIRIAM: A machine and deep learning single-cell segmentation and quantification pipeline for multi-dimensional tissue images},
  author={McKinley, Eliot T and Shao, Justin and Ellis, Samuel T and Heiser, Cody N and Roland, Joseph T and Macedonia, Mary C and Vega, Paige N and Shin, Susie and Coffey, Robert J and Lau, Ken S},
  journal={Cytometry Part A},
  volume={101},
  number={6},
  pages={521--528},
  year={2022},
  publisher={Wiley Online Library}
}

@article{schuffler2015automatic,
  title={Automatic single cell segmentation on highly multiplexed tissue images},
  author={Sch{\"u}ffler, Peter J and Schapiro, Denis and Giesen, Charlotte and Wang, Hao AO and Bodenmiller, Bernd and Buhmann, Joachim M},
  journal={Cytometry Part A},
  volume={87},
  number={10},
  pages={936--942},
  year={2015},
  publisher={Wiley Online Library}
}

@inproceedings{bao2021random,
  title={Random Multi-Channel Image Synthesis for Multiplexed Immunofluorescence Imaging},
  author={Bao, Shunxing and Tang, Yucheng and Lee, Ho Hin and Gao, Riqiang and Chiron, Sophie and Lyu, Ilwoo and Coburn, Lori A and Wilson, Keith T and Roland, Joseph T and Landman, Bennett A and others},
  booktitle={MICCAI Workshop on Computational Pathology},
  pages={36--46},
  year={2021},
  organization={PMLR}
}

@article{wu20237,
  title={7-UP: generating in silico CODEX from a small set of immunofluorescence markers},
  author={Wu, Eric and Trevino, Alexandro E and Wu, Zhenqin and Swanson, Kyle and Kim, Honesty J and D’Angio, H Blaize and Preska, Ryan and Chiou, Aaron E and Charville, Gregory W and Dalerba, Piero and others},
  journal={PNAS nexus},
  volume={2},
  number={6},
  pages={pgad171},
  year={2023},
  publisher={Oxford University Press US}
}

@article{sims2023masked,
  title={A Masked Image Modeling Approach to Cyclic Immunofluorescence (CyCIF) Panel Reduction and Marker Imputation},
  author={Sims, Zachary and Chang, Young Hwan},
  journal={bioRxiv},
  pages={2023--05},
  year={2023},
  publisher={Cold Spring Harbor Laboratory}
}

@article{rubin1996multiple,
  title={Multiple imputation after 18+ years},
  author={Rubin, Donald B},
  journal={Journal of the American statistical Association},
  volume={91},
  number={434},
  pages={473--489},
  year={1996},
  publisher={Taylor \& Francis}
}

@book{van2018flexible,
  title={Flexible imputation of missing data},
  author={Van Buuren, Stef},
  year={2018},
  publisher={CRC press}
}

@book{bok2019gans,
  title={GANs in Action: Deep learning with Generative Adversarial Networks},
  author={Bok, Vladimir and Langr, Jakub},
  year={2019},
  publisher={Simon and Schuster}
}

@article{goodfellow2014generative,
  title={Generative adversarial nets},
  author={Goodfellow, Ian and Pouget-Abadie, Jean and Mirza, Mehdi and Xu, Bing and Warde-Farley, David and Ozair, Sherjil and Courville, Aaron and Bengio, Yoshua},
  journal={Advances in neural information processing systems},
  volume={27},
  year={2014}
}

@article{mirza2014conditional,
  title={Conditional generative adversarial nets},
  author={Mirza, Mehdi and Osindero, Simon},
  journal={arXiv preprint arXiv:1411.1784},
  year={2014}
}

@inproceedings{isola2017image,
  title={Image-to-image translation with conditional adversarial networks},
  author={Isola, Phillip and Zhu, Jun-Yan and Zhou, Tinghui and Efros, Alexei A},
  booktitle={Proceedings of the IEEE conference on computer vision and pattern recognition},
  pages={1125--1134},
  year={2017}
}

@article{de2023review,
  title={A review on generative adversarial networks for image generation},
  author={de Souza, Vinicius Luis Trevisan and Marques, Bruno Augusto Dorta and Batagelo, Harlen Costa and Gois, Jo{\~a}o Paulo},
  journal={Computers \& Graphics},
  year={2023},
  publisher={Elsevier}
}

@article{1284395,
  author={Zhou Wang and Bovik, A.C. and Sheikh, H.R. and Simoncelli, E.P.},
  journal={IEEE Transactions on Image Processing}, 
  title={Image quality assessment: from error visibility to structural similarity}, 
  year={2004},
  volume={13},
  number={4},
  pages={600-612},
  doi={10.1109/TIP.2003.819861}}
  
@inproceedings{balin2019concrete,
  title={Concrete autoencoders: Differentiable feature selection and reconstruction},
  author={Bal{\i}n, Muhammed Fatih and Abid, Abubakar and Zou, James},
  booktitle={International conference on machine learning},
  pages={444--453},
  year={2019},
  organization={PMLR}
}

@inproceedings{chen2016xgboost,
  title={Xgboost: A scalable tree boosting system},
  author={Chen, Tianqi and Guestrin, Carlos},
  booktitle={Proceedings of the 22nd acm sigkdd international conference on knowledge discovery and data mining},
  pages={785--794},
  year={2016}
}

@article{taha2015metrics,
  title={Metrics for evaluating 3D medical image segmentation: analysis, selection, and tool},
  author={Taha, Abdel Aziz and Hanbury, Allan},
  journal={BMC medical imaging},
  volume={15},
  number={1},
  pages={1--28},
  year={2015},
  publisher={BioMed Central}
}

@article{ternes2022computational,
  title={Computational multiplex panel reduction to maximize information retention in breast cancer tissue microarrays},
  author={Ternes, Luke and Lin, Jia-Ren and Chen, Yu-An and Gray, Joe W and Chang, Young Hwan},
  journal={PLoS computational biology},
  volume={18},
  number={9},
  pages={e1010505},
  year={2022},
  publisher={Public Library of Science San Francisco, CA USA}}